
@Article{Welzel2007,
  author         = {Christian Welzel},
  date           = {2007},
  journaltitle   = {International Political Science Review},
  title          = {Are Levels of Democracy Affected by Mass Attitudes?~Testing Attainment and Sustainment Effects on~Democracy},
  number         = {4},
  pages          = {397--424},
  volume         = {28},
  file           = {Welzel_2007:Welzel2007.pdf:pdf},
  groups         = {Forschungsstand, Analyse polit. Unterstützung (WiSe 20/21)},
  keywords       = {Demokratieforschung; Modernisierung; Werte},
  pagination     = {page},
  qualityassured = {qualityAssured},
}

@Book{Norris2019,
  author    = {Norris, Pippa and Inglehart, Ronald},
  date      = {2019},
  title     = {Cultural Backlash: Trump, Brexit, and Authoritarian Populism},
  location  = {New York},
  publisher = {{Cambridge University Press}},
  groups    = {Büro, Analyse polit. Unterstützung (WiSe 20/21)},
}

@Book{Inglehart1977,
  author         = {Inglehart, Ronald},
  date           = {1977},
  title          = {The Silent Revolution:~Changing Values and Political Styles Among Western Publics},
  location       = {Princeton},
  publisher      = {{Princeton University Press}},
  file           = {Inglehart_1977_Appendices:Inglehart1977-Appendix.pdf:pdf;Inglehart_1977_Cognitive_Mobilization:Inglehart1977-P4.pdf:pdf;Inglehart_1977_Preface:Inglehart1977-Preface.pdf:pdf;Inglehart_1977_contents:Inglehart1977-Content.pdf:pdf;Inglehart_1977_Political_Cleavages:Inglehart1977-P3.pdf:pdf;Inglehart1977_The_Silent_Revolution_Kapitel_2:Inglehart1977_Ch2.pdf:pdf;Inglehart_1977_figures_tables:Inglehart1977-figures.pdf:pdf;Inglehart1977_The_Silent_Revolution_Kapitel_1:Inglehart1977-Ch1.pdf:pdf;Inglehart_1977_Value_Change:Inglehart1977-P2.pdf:pdf;Inglehart_1977_Bibliography:Inglehart1977-bib.pdf:pdf;Inglehart_1977_Introduction:Inglehart1977-into.pdf:pdf},
  groups         = {Politische Soziologie (WiSe 16/17), Analyse polit. Unterstützung (WiSe 20/21)},
  keywords       = {Grundlagen; Lehrbuch; Politische Kultur; Postmaterialismus},
  qualityassured = {qualityAssured},
}

@InCollection{Scherer2020,
  author         = {Scherer, Philipp and Roßteutscher, Sigrid},
  booktitle      = {Politikwissenschaftliche Einstellungs- und Verhaltensforschung},
  date           = {2020},
  title          = {Wertorientierungen und Wertewandel},
  editor         = {Faas, Thorsten and Gabriel, Oscar W. and Maier, Jürgen},
  location       = {Baden-Baden},
  pages          = {209--229},
  publisher      = {{Nomos Verlagsgesellschaft}},
  bookpagination = {page},
  file           = {9783845264899-207:Scherer2020.pdf:pdf},
  groups         = {Analyse polit. Unterstützung (WiSe 20/21)},
  qualityassured = {qualityAssured},
}

@Book{Welzel2013,
  author         = {Welzel, Christian},
  date           = {2013},
  title          = {Freedom Rising:~Human Empowerment and the~Quest for Emancipation},
  location       = {Cambridge},
  publisher      = {{Cambridge University Press}},
  file           = {A_Theory_of_Emancipation:Welzel2013-Ch1.pdf:pdf;The_Rights_Revolution:Welzel2013-Ch9.pdf:pdf;Intrinsic_Qualities:Welzel2013-Ch5.pdf:pdf;Benign_Individualism:Welzel2013-Ch6.pdf:pdf;References (2):Welzel2013-References.pdf:pdf;Entitling_People:Welzel2013-Ch8.pdf:pdf;Multilevel_Drivers:Welzel2013-Ch3.pdf:pdf;Tracing_Change:Welzel2013-Ch4.pdf:pdf;Introduction:Welzel2013-Intro.pdf:pdf;Conclusion (2):Welzel2013-Conclusion.pdf:pdf;The_Paradox_of_Democracy:Welzel2013-Ch10.pdf:pdf;Collective_Action:Welzel2013-Ch7.pdf:pdf;The_Redirection_of_Civilization:Welzel2013-Ch11.pdf:pdf;Contents (4):Welzel2013-Content.pdf:pdf;The_Sustainability_Challenge:Welzel2013-Ch12.pdf:pdf;Mapping_Differences:Welzel2013-Ch2.pdf:pdf},
  groups         = {Analyse polit. Unterstützung (WiSe 20/21)},
  qualityassured = {qualityAssured},
}

@Article{Carreras2019,
  author         = {Carreras, Miguel and {Irepoglu Carreras}, Yasemin and Bowler, Shaun},
  date           = {2019},
  journaltitle   = {Comparative Political Studies},
  title          = {Long-Term Economic Distress, Cultural Backlash, and Support for Brexit},
  doi            = {10.1177/0010414019830714},
  number         = {9},
  pages          = {1396--1424},
  urldate        = {2019-05-22},
  volume         = {52},
  file           = {Carreras, Irepoglu Carreras et al. 2019 - Long-Term Economic Distress:Carreras2019.pdf:pdf;Carreras_etal_2019_anm:Carreras2019_anm.pdf:pdf},
  groups         = {Analyse polit. Unterstützung (WiSe 20/21)},
  keywords       = {Brexit; Brexit, cultural backlash, economic decline, regional inequality; cultural backlash; economic decline; regional inequality},
  pagination     = {page},
  qualityassured = {qualityAssured},
}

@InCollection{Welzel2009,
  author         = {Welzel, Christian},
  booktitle      = {Politische Soziologie. Ein Studienbuch},
  date           = {2009},
  title          = {Werte- und Wertewandelforschung},
  editor         = {Kaina, Viktoria and Römmele, Andrea},
  location       = {Wiesbaden},
  pages          = {109--140},
  publisher      = {{VS Verlag für Sozialwissenschaften}},
  bookpagination = {page},
  file           = {Welzel_2009:Welzel2009.pdf:pdf},
  groups         = {Politische Soziologie (WiSe 16/17), Analyse polit. Unterstützung (WiSe 20/21)},
  qualityassured = {qualityAssured},
}

@Article{Inglehart2010,
  author         = {Ronald Inglehart and Christian Welzel},
  date           = {2010},
  journaltitle   = {Perspectives on Politics},
  title          = {Changing Mass Priorities:~The Link between Modernization and Democracy},
  number         = {2},
  pages          = {551--567},
  volume         = {8},
  file           = {Inglehart_Welzel_2010:Inglehart2010.pdf:pdf},
  groups         = {Forschungsstand, Analyse polit. Unterstützung (WiSe 20/21)},
  pagination     = {page},
  qualityassured = {qualityAssured},
}

@Article{Maslow1943,
  author         = {Maslow, Abraham H.},
  date           = {1943},
  journaltitle   = {Psychological Review},
  title          = {A Theory of Human Motivation},
  doi            = {10.1037/h0054346},
  number         = {4},
  pages          = {370--396},
  volume         = {50},
  file           = {Maslow 1943 - A Theory of Human Motivation:Maslow1943.pdf:pdf},
  groups         = {Analyse polit. Unterstützung (WiSe 20/21)},
  keywords       = {Klassiker; Lehre},
  pagination     = {page},
  qualityassured = {qualityAssured},
}