
@InCollection{Bathelt2016,
  author         = {Bathelt, Sven and Jedinger, Alexander and Maier, Jürgen},
  booktitle      = {Bürgerinnen und Bürger im Wandel der Zeit. 25 Jahre Wahl- und Einstellungsforschung in Deutschland},
  date           = {2016},
  title          = {Politische Kenntnisse in Deutschland: Entwicklung und Determinanten, 1949-2009},
  editor         = {Roßteutscher, Sigrid and Faas, Thorsten and Rosar, Ulrich},
  location       = {Wiesbaden},
  publisher      = {{Springer Fachmedien}},
  file           = {Bathelt2016_Chapter_PolitischeKenntnisseInDeutschl:Bathelt2016.pdf:pdf},
  groups         = {Analyse polit. Unterstützung (WiSe 20/21)},
  qualityassured = {qualityAssured},
}

@Article{Bertsou2019,
  author         = {Bertsou, Eri},
  date           = {2019},
  journaltitle   = {European Political Science Review},
  title          = {Rethinking political distrust},
  doi            = {10.1017/S1755773919000080},
  issn           = {1755-7739},
  number         = {02},
  pages          = {213--230},
  urldate        = {2019-10-28},
  volume         = {11},
  file           = {Bertsou_2019_anm:Bertsou2019_anm.pdf:pdf;Bertsou 2019 - Rethinking political distrust:Bertsou2019.pdf:pdf},
  groups         = {Analyse polit. Unterstützung (WiSe 20/21)},
  keywords       = {political trust; Vertrauen},
  pagination     = {page},
  qualityassured = {qualityAssured},
}

@Article{Festenstein2019,
  author         = {Festenstein, Matthew},
  date           = {2019},
  journaltitle   = {Political Studies},
  title          = {Political Trust, Commitment and Responsiveness},
  doi            = {10.1177/0032321719852569},
  number         = {4},
  pages          = {446--462},
  urldate        = {2019-11-01},
  volume         = {98},
  file           = {Festenstein_2019:Festenstein2019.pdf:pdf;Festenstein_2019_anm:Festenstein2019_anm.pdf:pdf},
  groups         = {Analyse polit. Unterstützung (WiSe 20/21)},
  keywords       = {commitment; democratic theory; distrust; political trust; trust; trust, democratic theory, commitment, distrust},
  pagination     = {page},
  qualityassured = {qualityAssured},
}

@Book{Fuhse2005,

  author         = {Fuhse, Jan},
  date           = {2005},
  title          = {Theorien des politischen~Systems. David Easton und Niklas Luhmann. Eine Einführung},
  location       = {Wiesbaden},
  publisher      = {{VS Verlag für Sozialwissenschaften}},
  file           = {Fuhse_Easton_anm:Fuhse2005b_anm.pdf:pdf;Fuhse_2005_Easton:Fuhse2005b.pdf:pdf;Fuhse_2005:Fuhse2005.pdf:pdf},
  groups         = {Analyse polit. Unterstützung (WiSe 20/21), Politische Kultur (SoSe 17)},
  keywords       = {Demokratieforschung; Easton; Political Support},
  qualityassured = {qualityAssured},
}

@InCollection{Gabriel2020,
  author         = {Gabriel, Oscar W.},
  booktitle      = {Politikwissenschaftliche Einstellungs- und Verhaltensforschung},
  date           = {2020},
  title          = {Einstellungen zur Demokratie},
  editor         = {Faas, Thorsten and Gabriel, Oscar W. and Maier, Jürgen},
  location       = {Baden-Baden},
  pages          = {230--247},
  publisher      = {{Nomos Verlagsgesellschaft}},
  bookpagination = {page},
  file           = {Gabriel_2020:Gabriel2020.pdf:pdf},
  groups         = {Analyse polit. Unterstützung (WiSe 20/21)},
  qualityassured = {qualityAssured},
}

@InCollection{Scherer2020,
  author         = {Scherer, Philipp and Roßteutscher, Sigrid},
  booktitle      = {Politikwissenschaftliche Einstellungs- und Verhaltensforschung},
  date           = {2020},
  title          = {Wertorientierungen und Wertewandel},
  editor         = {Faas, Thorsten and Gabriel, Oscar W. and Maier, Jürgen},
  location       = {Baden-Baden},
  pages          = {209--229},
  publisher      = {{Nomos Verlagsgesellschaft}},
  bookpagination = {page},
  file           = {9783845264899-207:Scherer2020.pdf:pdf},
  groups         = {Analyse polit. Unterstützung (WiSe 20/21)},
  qualityassured = {qualityAssured},
}

@InCollection{vanDeth2004,
  author         = {{van Deth}, Jan W.},
  booktitle      = {Deutschland in Europa.},
  date           = {2004},
  title          = {Politisches Interesse},
  editor         = {{van Deth}, Jan W.},
  location       = {Wiesbaden},
  publisher      = {{VS Verlag für Sozialwissenschaften}},
  file           = {van_Deth-2004-Politisches_Interesse:vanDeth2004.pdf:pdf},
  groups         = {Analyse polit. Unterstützung (WiSe 20/21)},
  keywords       = {Political Interest; Politisches Interesse},
  qualityassured = {qualityAssured},
}

@Book{Welzel2013,
  author         = {Welzel, Christian},
  date           = {2013},
  title          = {Freedom Rising:~Human Empowerment and the~Quest for Emancipation},
  location       = {Cambridge},
  publisher      = {{Cambridge University Press}},
  file           = {A_Theory_of_Emancipation:Welzel2013-Ch1.pdf:pdf;The_Rights_Revolution:Welzel2013-Ch9.pdf:pdf;Intrinsic_Qualities:Welzel2013-Ch5.pdf:pdf;Benign_Individualism:Welzel2013-Ch6.pdf:pdf;References (2):Welzel2013-References.pdf:pdf;Entitling_People:Welzel2013-Ch8.pdf:pdf;Multilevel_Drivers:Welzel2013-Ch3.pdf:pdf;Tracing_Change:Welzel2013-Ch4.pdf:pdf;Introduction:Welzel2013-Intro.pdf:pdf;Conclusion (2):Welzel2013-Conclusion.pdf:pdf;The_Paradox_of_Democracy:Welzel2013-Ch10.pdf:pdf;Collective_Action:Welzel2013-Ch7.pdf:pdf;The_Redirection_of_Civilization:Welzel2013-Ch11.pdf:pdf;Contents (4):Welzel2013-Content.pdf:pdf;The_Sustainability_Challenge:Welzel2013-Ch12.pdf:pdf;Mapping_Differences:Welzel2013-Ch2.pdf:pdf},
  groups         = {Analyse polit. Unterstützung (WiSe 20/21)},
  qualityassured = {qualityAssured},
}

@InCollection{Westle2020,
  author         = {Westle, Bettina},
  booktitle      = {Politikwissenschaftliche Einstellungs- und Verhaltensforschung},
  date           = {2020},
  title          = {Kognitives politisches Engagement},
  editor         = {Faas, Thorsten and Gabriel, Oscar W. and Maier, Jürgen},
  location       = {Baden-Baden},
  pages          = {273--295},
  publisher      = {{Nomos Verlagsgesellschaft}},
  bookpagination = {page},
  file           = {9783845264899-273:Westle2020.pdf:pdf},
  groups         = {Analyse polit. Unterstützung (WiSe 20/21)},
  qualityassured = {qualityAssured},
}

@InCollection{Zmerli2020,
  author         = {Zmerli, Sonja},
  booktitle      = {Politikwissenschaftliche Einstellungs- und Verhaltensforschung},
  date           = {2020},
  title          = {Politisches Vertrauen},
  editor         = {Faas, Thorsten and Gabriel, Oscar W. and Maier, Jürgen},
  location       = {Baden-Baden},
  pages          = {248--272},
  publisher      = {{Nomos Verlagsgesellschaft}},
  bookpagination = {page},
  file           = {Zmerli_2020:Zmerli2020.pdf:pdf},
  groups         = {Analyse polit. Unterstützung (WiSe 20/21)},
  qualityassured = {qualityAssured},
}

@InCollection{Almond1980a,
  author         = {Almond, Gabriel A.},
  booktitle      = {The Civic Culture Revisited},
  date           = {1980},
  title          = {The Intellectual History of the Civic Culture Concept},
  editor         = {Almond, Gabriel A. and Verba, Sidney},
  location       = {Boston and Toronto},
  pages          = {1--36},
  publisher      = {{Little, Brown and Company}},
  bookpagination = {page},
  groups         = {Analyse polit. Unterstützung (WiSe 20/21)},
}

@Book{Almond1980,
  date      = {1980},
  title     = {The Civic Culture Revisited},
  editor    = {Almond, Gabriel A. and Verba, Sidney},
  location  = {Boston and Toronto},
  publisher = {{Little, Brown and Company}},
  groups    = {Analyse polit. Unterstützung (WiSe 20/21)},
  keywords  = {Grundlagen; Klassiker; Politische Kultur},
}

@Article{Carreras2019,
  author         = {Carreras, Miguel and {Irepoglu Carreras}, Yasemin and Bowler, Shaun},
  date           = {2019},
  journaltitle   = {Comparative Political Studies},
  title          = {Long-Term Economic Distress, Cultural Backlash, and Support for Brexit},
  doi            = {10.1177/0010414019830714},
  number         = {9},
  pages          = {1396--1424},
  urldate        = {2019-05-22},
  volume         = {52},
  file           = {Carreras, Irepoglu Carreras et al. 2019 - Long-Term Economic Distress:Carreras2019.pdf:pdf;Carreras_etal_2019_anm:Carreras2019_anm.pdf:pdf},
  groups         = {Analyse polit. Unterstützung (WiSe 20/21)},
  keywords       = {Brexit; Brexit, cultural backlash, economic decline, regional inequality; cultural backlash; economic decline; regional inequality},
  pagination     = {page},
  qualityassured = {qualityAssured},
}

@Article{Maslow1943,
  author         = {Maslow, Abraham H.},
  date           = {1943},
  journaltitle   = {Psychological Review},
  title          = {A Theory of Human Motivation},
  doi            = {10.1037/h0054346},
  number         = {4},
  pages          = {370--396},
  volume         = {50},
  file           = {Maslow 1943 - A Theory of Human Motivation:Maslow1943.pdf:pdf},
  groups         = {Analyse polit. Unterstützung (WiSe 20/21)},
  keywords       = {Klassiker; Lehre},
  pagination     = {page},
  qualityassured = {qualityAssured},
}

@Book{Zaller1992,
  author    = {Zaller, John},
  date      = {1992},
  title     = {The Nature and Origin of Mass Opinion},
  location  = {Cambridge},
  publisher = {{Cambridge University Press}},
  groups    = {Analyse polit. Unterstützung (WiSe 20/21)},
  keywords  = {Agenda setting},
}

@Article{Hooghe2017,
  author         = {Marc Hooghe and Soetkin Verhaegen},
  date           = {2017},
  journaltitle   = {European Political Science Review},
  title          = {The effect of political trust and trust in European citizens on European identity},
  doi            = {10.1017/S1755773915000314},
  number         = {02},
  pages          = {161--181},
  urldate        = {2019},
  volume         = {9},
  file           = {Hooghe_Verhaegen_2017_anm:Hooghe2017_anm.pdf:pdf;Hooghe, Verhaegen 2017 - The effect of political trust:Hooghe2017.pdf:pdf},
  groups         = {Forschungsstand; Analyse polit. Unterstützung (WiSe 20/21)},
  keywords       = {Demokratieforschung; EU; political trust; Vertrauen},
  pagination     = {page},
  qualityassured = {qualityAssured},
}

@Article{Inglehart2010,
  author         = {Ronald Inglehart and Christian Welzel},
  date           = {2010},
  journaltitle   = {Perspectives on Politics},
  title          = {Changing Mass Priorities:~The Link between Modernization and Democracy},
  number         = {2},
  pages          = {551--567},
  volume         = {8},
  file           = {Inglehart_Welzel_2010:Inglehart2010.pdf:pdf},
  groups         = {Forschungsstand, Analyse polit. Unterstützung (WiSe 20/21); Analyse polit. Unterstützung (WiSe 20/21)},
  pagination     = {page},
  qualityassured = {qualityAssured},
}

@Article{Reichert2019,
  author         = {Reichert, Frank and Print, Murray},
  date           = {2019},
  journaltitle   = {Social Psychology of Education},
  title          = {Participatory practices and political knowledge: how motivational inequality moderates the effects of formal participation on knowledge},
  doi            = {10.1007/s11218-019-09514-5},
  number         = {5},
  pages          = {1085--1108},
  urldate        = {2020-02-21},
  volume         = {22},
  file           = {Reichert, Print 2019 - Participatory practices and political knowledge:Reichert2019.pdf:pdf},
  groups         = {Lehrer (APSA-Sammelband), Analyse polit. Unterstützung (WiSe 20/21); Analyse polit. Unterstützung (WiSe 20/21)},
  keywords       = {Civic participation; Civic participation, Knowledge gap, News media, Political interest, Political knowledge, Situated learning, Youth; Knowledge gap; News media; Political Interest; political knowledge; Situated learning; Youth},
  pagination     = {page},
  qualityassured = {qualityAssured},
}

@Article{Russo2017,
  author         = {Russo, Silvia and Stattin, Håkan},
  date           = {2017},
  journaltitle   = {Social Indicators Research},
  title          = {Stability and Change in Youths’ Political Interest},
  doi            = {10.1007/s11205-016-1302-9},
  issn           = {0303-8300},
  number         = {2},
  pages          = {643--658},
  urldate        = {2020-02-21},
  volume         = {132},
  file           = {Russo, Stattin 2017 - Stability and Change in Youths’:Russo2017.pdf:pdf},
  groups         = {Lehrer (APSA-Sammelband); KiL Paper eng, Analyse polit. Unterstützung (WiSe 20/21); Analyse polit. Unterstützung (WiSe 20/21)},
  keywords       = {Civic Education; Political Interest; Politische Sozialisation; Schule; Schüler},
  pagination     = {page},
  qualityassured = {qualityAssured},
}

@InCollection{Fuchs2016,
  author         = {Fuchs, Dieter},
  booktitle      = {Politische Theorien der Gegenwart I},
  date           = {2016},
  title          = {Die politische Theorie der Systemanalyse: David Easton},
  editor         = {Brodocz, André and Schaal, Gary S.},
  location       = {Opladen {\&} Farmington Hills},
  pages          = {341--366},
  publisher      = {{Verlag Barbara Budrich}},
  bookpagination = {page},
  file           = {Fuchs_2016:Fuchs2016.pdf:pdf},
  groups         = {Analyse polit. Unterstützung (WiSe 20/21)},
  keywords       = {Demokratieforschung; Demokratietheorie; Easton; Political Support},
  qualityassured = {qualityAssured},
}

@InCollection{Pollack2015,
  author         = {Pollack, Detlef},
  booktitle      = {Handbuch Transformationsforschung},
  date           = {2015},
  title          = {Politische Kultur},
  editor         = {Kollmorgen, Raj and Merkel, Wolfgang and Wagener, Hans-Jürgen},
  location       = {Wiesbaden},
  pages          = {643--650},
  publisher      = {{Springer VS}},
  bookpagination = {page},
  file           = {Pollack_2015:Pollack2015.pdf:pdf},
  groups         = {Analyse polit. Unterstützung (WiSe 20/21)},
  keywords       = {Osteuropa; Politische Kultur; Transformation},
  qualityassured = {qualityAssured},
}

@InCollection{Gabriel2009,
  author         = {Gabriel, Oscar W.},
  booktitle      = {Politische Soziologie. Ein Studienbuch},
  date           = {2009},
  title          = {Politische Kultur},
  editor         = {Kaina, Viktoria and Römmele, Andrea},
  location       = {Wiesbaden},
  pages          = {17--52},
  publisher      = {{VS Verlag für Sozialwissenschaften}},
  abstract       = {- gute ÜBersicht über den Stand in diesem Bereich},
  bookpagination = {page},
  file           = {Gabriel_2009:Gabriel2009.pdf:pdf},
  groups         = {Politische Soziologie (WiSe 16/17), Analyse polit. Unterstützung (WiSe 20/21); Analyse polit. Unterstützung (WiSe 20/21)},
  keywords       = {Grundlagen; Lehrbuch; Political Support; Politische Kultur},
  qualityassured = {qualityAssured},
}

@InCollection{Fuchs2007,
  author         = {Fuchs, Dieter},
  booktitle      = {The Oxford Handbook of Political Behavior},
  date           = {2007},
  title          = {The Political Culture Paradigm},
  editor         = {Dalton, Russell J. and Klingemann, Hans-Dieter},
  location       = {Oxford},
  pages          = {161--184},
  publisher      = {{Oxford University Press}},
  bookpagination = {page},
  file           = {Fuchs_2007:Fuchs2007b.pdf:pdf},
  groups         = {Analyse polit. Unterstützung (WiSe 20/21)},
  keywords       = {Demokratieforschung; Grundlagen; Political Support; Politische Kultur},
  qualityassured = {qualityAssured},
}

@InCollection{Westle2009a,
  author         = {Westle, Bettina},
  booktitle      = {Politische Kultur. Eine EInführung},
  date           = {2009},
  title          = {Das klassische Konzept der Politischen Kultur},
  editor         = {Westle, Bettina and Gabriel, Oscar W.},
  location       = {Baden-Baden},
  pages          = {13--23},
  publisher      = {Nomos-Verlag},
  bookpagination = {page},
  file           = {Westle_2009a:Westle2009d.pdf:pdf},
  groups         = {Analyse polit. Unterstützung (WiSe 20/21)},
  keywords       = {Demokratieforschung; Lehrbuch; Politische Kultur},
  qualityassured = {qualityAssured},
}

@Book{Almond1963,
  author         = {Almond, Gabriel A. and Verba, Sidney},
  date           = {1963},
  title          = {The Civic Culture:~Political Attitudes and Democracy in Five Nations},
  location       = {Princeton},
  publisher      = {{Princeton University Press}},
  abstract       = {- grundlegendes Buch zur politischen~Kultur},
  file           = {Almond_Verba_1963_Chapter1:Almond1963-Ch1.pdf:pdf;Almond_Verba_1963_Chapter1_anm:Almond1963-Ch1_anm.pdf:pdf;Almond_Verba_1963_Chapter10:Almond1963-Ch10.pdf:pdf;Almond_Verba_1963_Chapter11:Almond1963-Ch11.pdf:pdf;Almond_Verba_1963_Chapter12:Almond1963-Ch12.pdf:pdf;Almond_Verba_1963_Chapter13:Almond1963-Ch13.pdf:pdf;Almond_Verba_1963_Chapter14:Almond1963-Ch14.pdf:pdf;Almond_Verba_1963_Chapter15:Almond1963-Ch15.pdf:pdf;Almond_Verba_1963_Chapter2:Almond1963-Ch2.pdf:pdf;Almond_Verba_1963_Chapter3:Almond1963-Ch3.pdf:pdf;Almond_Verba_1963_Chapter4:Almond1963-Ch4.pdf:pdf;Almond_Verba_1963_Chapter5:Almond1963-Ch5.pdf:pdf;Almond_Verba_1963_Chapter6:Almond1963-Ch6.pdf:pdf;Almond_Verba_1963_Chapter7:Almond1963-Ch7.pdf:pdf;Almond_Verba_1963_Chapter8:Almond1963-Ch8.pdf:pdf;Almond_Verba_1963_Chapter9:Almond1963-Ch9.pdf:pdf;Almond_Verba_1963_Content:Almond1963-Content.pdf:pdf;Almond_Verba_1963_Preface:Almond1963-Preface.pdf:pdf;Almond_Verba_Chapter15_anm:Almond1963-Ch15_anm.pdf:pdf},
  groups         = {Political Culture, Analyse polit. Unterstützung (WiSe 20/21); Analyse polit. Unterstützung (WiSe 20/21)},
  keywords       = {Demokratieforschung; Grundlagen; Lehrbuch; Politische Kultur},
  qualityassured = {qualityAssured},
}

@Article{Easton1975,
  author         = {Easton, David},
  date           = {1975},
  journaltitle   = {British Journal of Political Science},
  title          = {A Re-Assessment of the Concept of Political Support},
  number         = {4},
  pages          = {435--457},
  volume         = {5},
  file           = {Easton_1975_Reassessment_political_support:Easton1975.pdf:pdf},
  groups         = {Politische Unterstützung; Analyse polit. Unterstützung (WiSe 20/21)},
  keywords       = {Grundlagen; Klassiker; Krise; Partizipation; Political Support},
  pagination     = {page},
  qualityassured = {qualityAssured},
}

@InCollection{Schwartz1992,
  author    = {Schwartz, Shalom H.},
  booktitle = {Advances in experimental social psychology},
  date      = {1992},
  title     = {Universals in the content and structure of values: Theory and empirical tests in 20 countries},
  editor    = {Zanna, Mark P.},
  publisher = {Academic Press},
  volume    = {25},
  groups    = {Analyse polit. Unterstützung (WiSe 20/21)},
  keywords  = {values; werte; Werteforschung; Werteorientierung},
}

@Book{Caballero2009,
  author    = {Caballero, Claudio},
  date      = {2009},
  title     = {Integration und politische Unterstützung},
  doi       = {10.1007/978-3-531-91505-0},
  location  = {Wiesbaden},
  publisher = {VS Verlag für Sozialwissenschaften},
  groups    = {Analyse polit. Unterstützung (WiSe 20/21)},
}

@Book{Pickel2002,
  author    = {Pickel, Gert},
  date      = {2002},
  title     = {Jugend und Politikverdrossenheit},
  doi       = {10.1007/978-3-663-10438-4},
  location  = {Wiesbaden},
  publisher = {VS Verlag für Sozialwissenschaften},
  subtitle  = {Zwei politische Kulturen im Deutschland nach der Vereinigung?},
  groups    = {Analyse polit. Unterstützung (WiSe 20/21)},
}

@InCollection{Martin2007,
  author    = {Martín, Irene and van Deth, Jan W.},
  booktitle = {Citizenship and involvement in European democracies},
  date      = {2007},
  title     = {Political involvement},
  doi       = {10.4324/9780203965757},
  editor    = {van Deth, Jan W. and Montero, José Ramón and Westholm, Anders},
  location  = {London},
  pages     = {303-333},
  publisher = {Routledge},
  groups    = {Analyse polit. Unterstützung (WiSe 20/21)},
}
