@Book{Linz1996,
  author         = {Juan Linz and Alfred Stepan},
  date           = {1996},
  title          = {Problems of democratic transition and consolidation. Southern Europe, South America and Post-Communist Europe},
  location       = {Baltimore and London},
  publisher      = {{The John Hopkins University Press}},
  file           = {Linz_Stepan_1996_chapter1:Linz1996.pdf:pdf},
  groups         = {Einführung; Politische Unterstützung},
  keywords       = {Autorit{\"a}re Regime; Demokratieforschung; Osteuropa; S{\"u}deuropa; Transformation},
  qualityassured = {qualityAssured},
}

@Book{Rose1998,
  author         = {Richard Rose and William Mishler and Christian W. Haerpfer},
  date           = {1998},
  title          = {Democracy and Its Alternatives},
  location       = {Baltimore},
  publisher      = {{The John Hopkins University Press}},
  abstract       = {-im Bestand},
  file           = {Rose_Mishler_Haerpfer_1998_Chapter8:Rose1998.pdf:pdf;Rose_Mishler_Haerpfer_1998_Chapter4:Rose1998-Ch4.pdf:pdf;:Rose1998-Ch5.pdf:PDF},
  groups         = {Political Support; Politische Unterstützung},
  keywords       = {Konsolidierung; Osteuropa; Political Support},
  qualityassured = {qualityAssured},
}

@Book{Welzel2013,
  author         = {Welzel, Christian},
  date           = {2013},
  title          = {Freedom Rising:~Human Empowerment and the~Quest for Emancipation},
  location       = {Cambridge},
  publisher      = {{Cambridge University Press}},
  file           = {A_Theory_of_Emancipation:Welzel2013-Ch1.pdf:pdf;The_Rights_Revolution:Welzel2013-Ch9.pdf:pdf;Intrinsic_Qualities:Welzel2013-Ch5.pdf:pdf;Benign_Individualism:Welzel2013-Ch6.pdf:pdf;References (2):Welzel2013-References.pdf:pdf;Entitling_People:Welzel2013-Ch8.pdf:pdf;Multilevel_Drivers:Welzel2013-Ch3.pdf:pdf;Tracing_Change:Welzel2013-Ch4.pdf:pdf;Introduction:Welzel2013-Intro.pdf:pdf;Conclusion (2):Welzel2013-Conclusion.pdf:pdf;The_Paradox_of_Democracy:Welzel2013-Ch10.pdf:pdf;Collective_Action:Welzel2013-Ch7.pdf:pdf;The_Redirection_of_Civilization:Welzel2013-Ch11.pdf:pdf;Contents (4):Welzel2013-Content.pdf:pdf;The_Sustainability_Challenge:Welzel2013-Ch12.pdf:pdf;Mapping_Differences:Welzel2013-Ch2.pdf:pdf},
  groups         = {Analyse polit. Unterstützung (WiSe 20/21)},
  qualityassured = {qualityAssured},
}

@Article{Welzel2007,
  author         = {Christian Welzel},
  date           = {2007},
  journaltitle   = {International Political Science Review},
  title          = {Are Levels of Democracy Affected by Mass Attitudes?~Testing Attainment and Sustainment Effects on~Democracy},
  number         = {4},
  pages          = {397--424},
  volume         = {28},
  file           = {Welzel_2007:Welzel2007.pdf:pdf},
  groups         = {Forschungsstand, Analyse polit. Unterstützung (WiSe 20/21)},
  keywords       = {Demokratieforschung; Modernisierung; Werte},
  pagination     = {page},
  qualityassured = {qualityAssured},
}

@Article{Welzel2017,
  author         = {Welzel, Christian and Kirsch, Helen},
  date           = {2017},
  journaltitle   = {World Value Research},
  title          = {Democracy Misunderstood: Authoritarian Notions of Democracy around the Globe},
  doi            = {10.13140/RG.2.2.33269.99041},
  number         = {1},
  pages          = {1--29},
  urldate        = {2019},
  volume         = {9},
  file           = {Christian Welzel, Helen Kirsch 2017 - Democracy Misunderstood:Welzel2017.pdf:pdf;Welzel_Kirsch_2018_anm:Welzel2017_anm.pdf:pdf},
  groups         = {Lehrer (APSA-Sammelband)},
  pagination     = {page},
  qualityassured = {qualityAssured},
}

@Book{Spier2010,
  author         = {Spier, Tim},
  date           = {2010},
  title          = {Modernisierungsverlierer? Die Wählerschaft rechtspopulistischer Parteien in Westeuropa},
  location       = {Wiesbaden},
  publisher      = {{VS Verlag für Sozialwissenschaften}},
  file           = {Spier_2010:Spier2010.pdf:pdf},
  qualityassured = {qualityAssured},
}

@Article{Landwehr2017,
  author         = {Claudia Landwehr and Nils D. Steiner},
  date           = {2017},
  journaltitle   = {Political Studies},
  title          = {Where Democrats Disagree:~Citizens' Normative Conceptions of Democracy},
  number         = {4},
  pages          = {786--804},
  volume         = {65},
  abstract       = {spannende Konzeption von verschiedenen Demokratieunterst{\"u}tzer*innen},
  file           = {Landwehr_Steiner_2017:Landwehr2017.pdf:pdf},
  groups         = {Forschungsstand},
  keywords       = {Demokratieforschung; Einstellung},
  pagination     = {page},
  qualityassured = {qualityAssured},
}