
@Article{Fuchs2002,
  author         = {Dieter Fuchs and Oscar W. Gabriel and Kerstin V{\"o}lkl},
  date           = {2002},
  journaltitle   = {{\"O}sterreichische Zeitschrift f{\"u}r Politikwissenschaft},
  title          = {Vertrauen in politische Institutionen und politische Unterst{\"u}tzung},
  number         = {4},
  pages          = {427--450},
  volume         = {31},
  file           = {Fuchs_Gabriel_Voelkl_2002:Fuchs2002.pdf:pdf;Fuchs_Gabriel_Voelkl_2002_anm:Fuchs2002_anm.pdf:pdf},
  groups         = {Forschungsstand},
  keywords       = {Easton; Political Support},
  pagination     = {page},
  qualityassured = {qualityAssured},
}
