% This file was created with Citavi 6.8.0.0


@BOOK{Easton1965,
 AUTHOR = {Easton, David},
 DATE = {1965},
 TITLE = {{A Systems Analysis of Political Life}},
 ADDRESS = {New York},
 PUBLISHER = {{John Wiley \& Sons, Inc}}
}


@ARTICLE{Easton1975,
 AUTHOR = {Easton, David},
 TITLE = {{A Re-Assessment of the Concept of Political Support}},
 PAGES = {435--457},
 pagination = {page},
 VOLUME = {5},
 NUMBER = {4},
 JOURNALTITLE = {{British Journal of Political Science}},
 DATE = {1975}
}

@BOOK{Fuhse2005,
 AUTHOR = {Fuhse, Jan},
 DATE = {2005},
 TITLE = {{Theorien des politischen~Systems. David Easton und Niklas Luhmann. Eine Einf{\"u}hrung}},
 ADDRESS = {Wiesbaden},
 PUBLISHER = {{VS Verlag f{\"u}r Sozialwissenschaften}},
 SHORTHAND = {Fuhse 2005 -- Theorien des politischen~Systems}
}

@InCollection{Schwartz1992,
  author    = {Schwartz, Shalom H.},
  booktitle = {Advances in experimental social psychology},
  date      = {1992},
  title     = {Universals in the content and structure of values: Theory and empirical tests in 20 countries},
  editor    = {Zanna, Mark P.},
  publisher = {Academic Press},
  volume    = {25},
}

