
@Book{DelliCarpini1996,
  date      = {1996},
  title     = {Rethinking rationality},
  editor    = {{Delli Carpini}, Michael X. and Huddy, Leonie and Shapiro, Robert Y.},
  location  = {Greenwich},
  publisher = {{Jai Press}},
  groups    = {Lehrer (APSA-Sammelband); KiL Paper eng, Analyse polit. Unterstützung (WiSe 20/21)},
}

@Article{Lupia2005,
  author         = {Lupia, Arthur and Philpot, Tasha S.},
  date           = {2005},
  journaltitle   = {The Journal of Politics},
  title          = {Views from Inside the Net:~How Websites Affect Young Adults'~Political Interest},
  number         = {4},
  pages          = {1122--1142},
  urldate        = {2020-02-21},
  volume         = {67},
  file           = {P - jopo_353:Lupia2005.pdf:pdf},
  groups         = {Lehrer (APSA-Sammelband), Analyse polit. Unterstützung (WiSe 20/21)},
  keywords       = {Civic Education; Political Interest; Politische Sozialisation; Schule},
  pagination     = {page},
  qualityassured = {qualityAssured},
}

@InCollection{vanDeth1990,
  author         = {{van Deth}, Jan W.},
  booktitle      = {Continuities in Political Action: A Longitudinal Study of Political Orientations in Three Western Democracies},
  date           = {1990},
  title          = {Interest in Politics},
  editor         = {Jennings, M. Kent and {van Deth}, Jan W. and Barnes, Samuel H. and Fuchs, Dieter and Heunks, Felix and Inglehart, Ronald and Kaase, Max and Klingemann, Hans-Dieter and Thomassen, Jacques J. A.},
  location       = {Berlin},
  pages          = {275--312},
  publisher      = {{De Gruyter}},
  bookpagination = {page},
  file           = {vanDeth_1990:vanDeth1990.pdf:pdf},
  groups         = {Lehrer (APSA-Sammelband); KiL Paper eng, Analyse polit. Unterstützung (WiSe 20/21)},
  keywords       = {Civic Education; Political Interest; Politische Sozialisation; Schule},
  qualityassured = {qualityAssured},
}

@InCollection{vanDeth2004,
  author         = {{van Deth}, Jan W.},
  booktitle      = {Deutschland in Europa.},
  date           = {2004},
  title          = {Politisches Interesse},
  editor         = {{van Deth}, Jan W.},
  location       = {Wiesbaden},
  publisher      = {{VS Verlag für Sozialwissenschaften}},
  file           = {van_Deth-2004-Politisches_Interesse:vanDeth2004.pdf:pdf},
  groups         = {Analyse polit. Unterstützung (WiSe 20/21)},
  keywords       = {Political Interest; Politisches Interesse},
  qualityassured = {qualityAssured},
}

@InCollection{Westle2020,
  author         = {Westle, Bettina},
  booktitle      = {Politikwissenschaftliche Einstellungs- und Verhaltensforschung},
  date           = {2020},
  title          = {Kognitives politisches Engagement},
  editor         = {Faas, Thorsten and Gabriel, Oscar W. and Maier, Jürgen},
  location       = {Baden-Baden},
  pages          = {273--295},
  publisher      = {{Nomos Verlagsgesellschaft}},
  bookpagination = {page},
  file           = {9783845264899-273:Westle2020.pdf:pdf},
  groups         = {Analyse polit. Unterstützung (WiSe 20/21)},
  qualityassured = {qualityAssured},
}

@Book{Zaller1992,
  author    = {Zaller, John},
  date      = {1992},
  title     = {The Nature and Origin of Mass Opinion},
  location  = {Cambridge},
  publisher = {{Cambridge University Press}},
  groups    = {Analyse polit. Unterstützung (WiSe 20/21)},
  keywords  = {Agenda setting},
}

@Book{Caballero2009,
  author    = {Caballero, Claudio},
  date      = {2009},
  title     = {Integration und politische Unterstützung},
  doi       = {10.1007/978-3-531-91505-0},
  location  = {Wiesbaden},
  publisher = {VS Verlag für Sozialwissenschaften},
  groups    = {Analyse polit. Unterstützung (WiSe 20/21)},
}

@Book{Pickel2002,
  author    = {Pickel, Gert},
  date      = {2002},
  title     = {Jugend und Politikverdrossenheit},
  doi       = {10.1007/978-3-663-10438-4},
  location  = {Wiesbaden},
  publisher = {VS Verlag für Sozialwissenschaften},
  subtitle  = {Zwei politische Kulturen im Deutschland nach der Vereinigung?},
  groups    = {Analyse polit. Unterstützung (WiSe 20/21)},
}

@InCollection{Martin2007,
  author    = {Martín, Irene and van Deth, Jan W.},
  booktitle = {Citizenship and involvement in European democracies},
  date      = {2007},
  title     = {Political involvement},
  doi       = {10.4324/9780203965757},
  editor    = {van Deth, Jan W. and Montero, José Ramón and Westholm, Anders},
  location  = {London},
  pages     = {303-333},
  publisher = {Routledge},
  groups    = {Analyse polit. Unterstützung (WiSe 20/21)},
}

@Article{Reichert2019,
  author         = {Reichert, Frank and Print, Murray},
  date           = {2019},
  journaltitle   = {Social Psychology of Education},
  title          = {Participatory practices and political knowledge: how motivational inequality moderates the effects of formal participation on knowledge},
  doi            = {10.1007/s11218-019-09514-5},
  number         = {5},
  pages          = {1085--1108},
  urldate        = {2020-02-21},
  volume         = {22},
  file           = {Reichert, Print 2019 - Participatory practices and political knowledge:Reichert2019.pdf:pdf},
  groups         = {Lehrer (APSA-Sammelband), Analyse polit. Unterstützung (WiSe 20/21)},
  keywords       = {Civic participation; Civic participation, Knowledge gap, News media, Political interest, Political knowledge, Situated learning, Youth; Knowledge gap; News media; Political Interest; political knowledge; Situated learning; Youth},
  pagination     = {page},
  qualityassured = {qualityAssured},
}

@Article{Russo2017,
  author         = {Russo, Silvia and Stattin, Håkan},
  date           = {2017},
  journaltitle   = {Social Indicators Research},
  title          = {Stability and Change in Youths’ Political Interest},
  doi            = {10.1007/s11205-016-1302-9},
  issn           = {0303-8300},
  number         = {2},
  pages          = {643--658},
  urldate        = {2020-02-21},
  volume         = {132},
  file           = {Russo, Stattin 2017 - Stability and Change in Youths’:Russo2017.pdf:pdf},
  groups         = {Lehrer (APSA-Sammelband); KiL Paper eng, Analyse polit. Unterstützung (WiSe 20/21)},
  keywords       = {Civic Education; Political Interest; Politische Sozialisation; Schule; Schüler},
  pagination     = {page},
  qualityassured = {qualityAssured},
}