
@Book{Dalton2014b,
  date           = {2014},
  title          = {The Civic Culture Transformed: From Allegiant to Assertive Citizens},
  editor         = {Dalton, Russell J. and Welzel, Christian},
  location       = {Cambridge},
  publisher      = {{Cambridge University Press}},
  file           = {Foreword:Dalton2014b-Foreword.pdf:pdf;Mecca_or_Oil:Dalton2014b-Ch10.pdf:pdf;From_Allegiant_to_Assertive_Citizens:Dalton2014b-Ch12.pdf:pdf;Political_Culture_and_Value_Change:Dalton2014b-Ch1.pdf:pdf;Contents (2):Dalton2014b-Content.pdf:pdf;Social_Change_and_the_Politics_of_Protest1:Dalton2014b-Ch9.pdf:pdf;Value_Change_over_a_Third_of_a_Century:Dalton2014b-Ch2.pdf:pdf;Support_for_Democracy_in_Postcommunist_Europe_and_Post-Soviet_Eurasia:Dalton2014b-Ch7.pdf:pdf;Dissatisfied_Democrats:Dalton2014b-Ch6.pdf:pdf;The_Structure_and_Sources_of_Global_Environmental_Attitudes:Dalton2014b-Ch8.pdf:pdf;Index:Dalton2014b-Index.pdf:pdf;Preface_and_Acknowledgments:Dalton2014b-Preface.pdf:pdf;Enlightening_People:Dalton2014b-Ch4.pdf:pdf;Contributors:Dalton2014b-Contributors.pdf:pdf;Reassessing_the_Civic_Culture_Model:Dalton2014b-Ch5.pdf:pdf;The_Decline_of_Deference_Revisited:Dalton2014b-Ch3.pdf:pdf;List_of_Tables:Dalton2014b-tables.pdf:pdf;Allegiance_Eroding:Dalton2014b-Ch11.pdf:pdf;References:Dalton2014b-References.pdf:pdf;List_of_Figures:Dalton2014b-Figures.pdf:pdf},
  groups         = {Lehrbuch, Analyse polit. Unterstützung (WiSe 20/21)},
  keywords       = {Demokratieforschung; Einstellung; empirisch; Political Support; Politische Kultur},
  qualityassured = {qualityAssured},
}

@InCollection{Almond1980a,
  author         = {Almond, Gabriel A.},
  booktitle      = {The Civic Culture Revisited},
  date           = {1980},
  title          = {The Intellectual History of the Civic Culture Concept},
  editor         = {Almond, Gabriel A. and Verba, Sidney},
  location       = {Boston and Toronto},
  pages          = {1--36},
  publisher      = {{Little, Brown and Company}},
  bookpagination = {page},
  groups         = {Analyse polit. Unterstützung (WiSe 20/21)},
}

@Book{Almond1980,
  date      = {1980},
  title     = {The Civic Culture Revisited},
  editor    = {Almond, Gabriel A. and Verba, Sidney},
  location  = {Boston and Toronto},
  publisher = {{Little, Brown and Company}},
  groups    = {Analyse polit. Unterstützung (WiSe 20/21)},
  keywords  = {Grundlagen; Klassiker; Politische Kultur},
}

@InCollection{Gabriel2016,
  author         = {Gabriel, Oscar W.},
  booktitle      = {Zeitgenössische Demokratietheorien. Band 2:~Empirische Demokratietheorien},
  date           = {2016},
  title          = {Politische Kultur und Demokratie},
  editor         = {Lembcke, Oliver W. and Ritzi, Claudia and Schaal, Gary S.},
  location       = {Wiesbaden},
  pages          = {397--426},
  publisher      = {{Springer VS}},
  bookpagination = {page},
  file           = {Gabriel_2016:Gabriel2016.pdf:pdf},
  groups         = {Political Culture, Analyse polit. Unterstützung (WiSe 20/21)},
  keywords       = {Grundlagen; Lehrbuch; Politische Kultur; Sozialkapital; Vergleichende Politikwissenschaft},
  qualityassured = {qualityAssured},
}

@InCollection{Gabriel2009,
  author         = {Gabriel, Oscar W.},
  booktitle      = {Politische Soziologie. Ein Studienbuch},
  date           = {2009},
  title          = {Politische Kultur},
  editor         = {Kaina, Viktoria and Römmele, Andrea},
  location       = {Wiesbaden},
  pages          = {17--52},
  publisher      = {{VS Verlag für Sozialwissenschaften}},
  abstract       = {- gute ÜBersicht über den Stand in diesem Bereich},
  bookpagination = {page},
  file           = {Gabriel_2009:Gabriel2009.pdf:pdf},
  groups         = {Politische Soziologie (WiSe 16/17), Analyse polit. Unterstützung (WiSe 20/21)},
  keywords       = {Grundlagen; Lehrbuch; Political Support; Politische Kultur},
  qualityassured = {qualityAssured},
}

@Book{Almond1963,
  author         = {Almond, Gabriel A. and Verba, Sidney},
  date           = {1963},
  title          = {The Civic Culture:~Political Attitudes and Democracy in Five Nations},
  location       = {Princeton},
  publisher      = {{Princeton University Press}},
  abstract       = {- grundlegendes Buch zur politischen~Kultur},
  file           = {Almond_Verba_1963_Chapter1:Almond1963-Ch1.pdf:pdf;Almond_Verba_1963_Chapter1_anm:Almond1963-Ch1_anm.pdf:pdf;Almond_Verba_1963_Chapter10:Almond1963-Ch10.pdf:pdf;Almond_Verba_1963_Chapter11:Almond1963-Ch11.pdf:pdf;Almond_Verba_1963_Chapter12:Almond1963-Ch12.pdf:pdf;Almond_Verba_1963_Chapter13:Almond1963-Ch13.pdf:pdf;Almond_Verba_1963_Chapter14:Almond1963-Ch14.pdf:pdf;Almond_Verba_1963_Chapter15:Almond1963-Ch15.pdf:pdf;Almond_Verba_1963_Chapter2:Almond1963-Ch2.pdf:pdf;Almond_Verba_1963_Chapter3:Almond1963-Ch3.pdf:pdf;Almond_Verba_1963_Chapter4:Almond1963-Ch4.pdf:pdf;Almond_Verba_1963_Chapter5:Almond1963-Ch5.pdf:pdf;Almond_Verba_1963_Chapter6:Almond1963-Ch6.pdf:pdf;Almond_Verba_1963_Chapter7:Almond1963-Ch7.pdf:pdf;Almond_Verba_1963_Chapter8:Almond1963-Ch8.pdf:pdf;Almond_Verba_1963_Chapter9:Almond1963-Ch9.pdf:pdf;Almond_Verba_1963_Content:Almond1963-Content.pdf:pdf;Almond_Verba_1963_Preface:Almond1963-Preface.pdf:pdf;Almond_Verba_Chapter15_anm:Almond1963-Ch15_anm.pdf:pdf},
  groups         = {Political Culture, Analyse polit. Unterstützung (WiSe 20/21)},
  keywords       = {Demokratieforschung; Grundlagen; Lehrbuch; Politische Kultur},
  qualityassured = {qualityAssured},
}
