
@Article{Bertsou2019,
  author         = {Bertsou, Eri},
  date           = {2019},
  journaltitle   = {European Political Science Review},
  title          = {Rethinking political distrust},
  doi            = {10.1017/S1755773919000080},
  issn           = {1755-7739},
  number         = {02},
  pages          = {213--230},
  urldate        = {2019-10-28},
  volume         = {11},
  file           = {Bertsou_2019_anm:Bertsou2019_anm.pdf:pdf;Bertsou 2019 - Rethinking political distrust:Bertsou2019.pdf:pdf},
  groups         = {Analyse polit. Unterst端tzung (WiSe 20/21)},
  keywords       = {political trust; Vertrauen},
  pagination     = {page},
  qualityassured = {qualityAssured},
}

@Article{Festenstein2019,
  author         = {Festenstein, Matthew},
  date           = {2019},
  journaltitle   = {Political Studies},
  title          = {Political Trust, Commitment and Responsiveness},
  doi            = {10.1177/0032321719852569},
  number         = {4},
  pages          = {446--462},
  urldate        = {2019-11-01},
  volume         = {98},
  file           = {Festenstein_2019:Festenstein2019.pdf:pdf;Festenstein_2019_anm:Festenstein2019_anm.pdf:pdf},
  groups         = {Analyse polit. Unterst端tzung (WiSe 20/21)},
  keywords       = {commitment; democratic theory; distrust; political trust; trust; trust, democratic theory, commitment, distrust},
  pagination     = {page},
  qualityassured = {qualityAssured},
}

@InCollection{Zmerli2020,
  author         = {Zmerli, Sonja},
  booktitle      = {Politikwissenschaftliche Einstellungs- und Verhaltensforschung},
  date           = {2020},
  title          = {Politisches Vertrauen},
  editor         = {Faas, Thorsten and Gabriel, Oscar W. and Maier, J端rgen},
  location       = {Baden-Baden},
  pages          = {248--272},
  publisher      = {{Nomos Verlagsgesellschaft}},
  bookpagination = {page},
  file           = {Zmerli_2020:Zmerli2020.pdf:pdf},
  groups         = {Analyse polit. Unterst端tzung (WiSe 20/21)},
  qualityassured = {qualityAssured},
}
