% This file was created with Citavi 6.8.0.0

@BOOK{Almond.1963,
 AUTHOR = {Almond, Gabriel A. and Verba, Sidney},
 DATE = {1963},
 TITLE = {{The Civic Culture:~Political Attitudes and Democracy in Five Nations}},
 ADDRESS = {Princeton},
 PUBLISHER = {{Princeton University Press}},
 SHORTHAND = {Almond, Verba 1963 -- The Civic Culture}
}

@BOOK{Easton.1965,
 AUTHOR = {Easton, David},
 DATE = {1965},
 TITLE = {{A Systems Analysis of Political Life}},
 ADDRESS = {New York},
 PUBLISHER = {{John Wiley \& Sons, Inc}}
}

@InCollection{Cleve2021,
  author       = {Cleve, Christian and Tausendpfund, Markus},
  booktitle    = {Empirische Studien lesen},
  date         = {2021},
  title        = {Politisches Wissen in Deutschland},
  booksubtitle = {Einführung in die Praxis der quantitativen Sozialforschung},
  doi          = {10.1007/978-3-658-33177-1_4},
  location     = {Wiesbaden},
  pages        = {79-105},
  publisher    = {Springer VS},
  groups       = {Analyse polit. Unterstützung (WiSe 20/21)}
}

@InCollection{Tausendpfund2021a,
  author       = {Tausendpfund, Markus},
  booktitle    = {Empirische Studien lesen},
  date         = {2021},
  title        = {Zufriedenheit mit der Demokratie},
  booksubtitle = {Einführung in die Praxis der quantitativen Sozialforschung},
  doi          = {10.1007/978-3-658-33177-1_2},
  location     = {Wiesbaden},
  pages        = {13-49},
  publisher    = {Springer VS},
  groups       = {Analyse polit. Unterstützung (WiSe 20/21)}
}


@Article{Hooghe2017,
  author         = {Marc Hooghe and Soetkin Verhaegen},
  date           = {2017},
  journaltitle   = {European Political Science Review},
  title          = {The effect of political trust and trust in European citizens on European identity},
  doi            = {10.1017/S1755773915000314},
  number         = {02},
  pages          = {161--181},
  urldate        = {2019},
  volume         = {9},
  file           = {Hooghe_Verhaegen_2017_anm:Hooghe2017_anm.pdf:pdf;Hooghe, Verhaegen 2017 - The effect of political trust:Hooghe2017.pdf:pdf},
  groups         = {Forschungsstand},
  keywords       = {Demokratieforschung;EU;political trust;Vertrauen},
  pagination     = {page},
  qualityassured = {qualityAssured},
}

@INCOLLECTION{Bathelt.2016,
 AUTHOR = {Bathelt, Sven and Jedinger, Alexander and Maier, J{\"u}rgen},
 TITLE = {{Politische Kenntnisse in Deutschland: Entwicklung und Determinanten, 1949-2009}},
 PUBLISHER = {{Springer Fachmedien}},
 EDITOR = {Ro{\ss}teutscher, Sigrid and Faas, Thorsten and Rosar, Ulrich},
 BOOKTITLE = {{B{\"u}rgerinnen und B{\"u}rger im Wandel der Zeit. 25 Jahre Wahl- und Einstellungsforschung in Deutschland}},
 ADDRESS = {Wiesbaden},
 DATE = {2016},
 SHORTTITLE = {Ro{\ss}teutscher, Faas et al. (Hg.) 2016 -- B{\"u}rgerinnen und B{\"u}rger im Wandel}
}


@ARTICLE{Bertsou.2019,
 AUTHOR = {Bertsou, Eri},
 TITLE = {{Rethinking political distrust}},
 URLDATE = {2019-10-28},
 PAGES = {213--230},
 pagination = {page},
 VOLUME = {11},
 NUMBER = {02},
 JOURNALTITLE = {{European Political Science Review}},
 DOI = {10.1017/S1755773919000080},
 DATE = {2019}
}


@ARTICLE{Easton.1975,
 AUTHOR = {Easton, David},
 TITLE = {{A Re-Assessment of the Concept of Political Support}},
 PAGES = {435--457},
 pagination = {page},
 VOLUME = {5},
 NUMBER = {4},
 JOURNALTITLE = {{British Journal of Political Science}},
 DATE = {1975}
}

@Article{Bertsou2019,
  author         = {Bertsou, Eri},
  date           = {2019},
  journaltitle   = {European Political Science Review},
  title          = {Rethinking political distrust},
  doi            = {10.1017/S1755773919000080},
  issn           = {1755-7739},
  number         = {02},
  pages          = {213--230},
  urldate        = {2019-10-28},
  volume         = {11},
  file           = {Bertsou_2019_anm:Bertsou2019_anm.pdf:pdf;Bertsou 2019 - Rethinking political distrust:Bertsou2019.pdf:pdf},
  groups         = {Analyse polit. Unterstützung (WiSe 20/21)},
  keywords       = {political trust;Vertrauen},
  pagination     = {page},
  qualityassured = {qualityAssured},
}

@ARTICLE{Festenstein2019,
 AUTHOR = {Festenstein, Matthew},
 TITLE = {{Political Trust, Commitment and Responsiveness}},
 URLDATE = {2019-11-01},
 PAGES = {446--462},
 pagination = {page},
 VOLUME = {98},
 NUMBER = {4},
 JOURNALTITLE = {{Political Studies}},
 DOI = {10.1177/0032321719852569},
 DATE = {2019}
}


@INCOLLECTION{Fuchs.2007,
 AUTHOR = {Fuchs, Dieter},
 TITLE = {{The Political Culture Paradigm}},
 PAGES = {161--184},
 bookpagination = {page},
 PUBLISHER = {{Oxford University Press}},
 EDITOR = {Dalton, Russell J. and Klingemann, Hans-Dieter},
 BOOKTITLE = {{The Oxford Handbook of Political Behavior}},
 ADDRESS = {Oxford},
 DATE = {2007},
 SHORTTITLE = {Dalton, Klingemann (Hg.) 2007 -- The Oxford Handbook of Political}
}


@INCOLLECTION{Fuchs.2016,
 AUTHOR = {Fuchs, Dieter},
 TITLE = {{Die politische Theorie der Systemanalyse: David Easton}},
 PAGES = {341--366},
 bookpagination = {page},
 PUBLISHER = {{Verlag Barbara Budrich}},
 EDITOR = {Brodocz, Andr{\'e} and Schaal, Gary S.},
 BOOKTITLE = {{Politische Theorien der Gegenwart I}},
 ADDRESS = {Opladen {\&} Farmington Hills},
 EDITION = {4., erweiterte und aktualisierte Auflage},
 DATE = {2016},
 SHORTTITLE = {Brodocz, Schaal (Hg.) 2016 -- Politische Theorien der Gegenwart I}
}


@BOOK{Fuhse.2005,
 AUTHOR = {Fuhse, Jan},
 DATE = {2005},
 TITLE = {{Theorien des politischen~Systems. David Easton und Niklas Luhmann. Eine Einf{\"u}hrung}},
 ADDRESS = {Wiesbaden},
 PUBLISHER = {{VS Verlag f{\"u}r Sozialwissenschaften}},
 SHORTHAND = {Fuhse 2005 -- Theorien des politischen~Systems}
}


@INCOLLECTION{Gabriel.2009,
 AUTHOR = {Gabriel, Oscar W.},
 TITLE = {{Politische Kultur}},
 PAGES = {17--52},
 bookpagination = {page},
 PUBLISHER = {{VS Verlag f{\"u}r Sozialwissenschaften}},
 EDITOR = {Kaina, Viktoria and R{\"o}mmele, Andrea},
 BOOKTITLE = {{Politische Soziologie. Ein Studienbuch}},
 ADDRESS = {Wiesbaden},
 EDITION = {1},
 DATE = {2009},
 SHORTTITLE = {Kaina, R{\"o}mmele (Hg.) 2009 -- Politische Soziologie}
}


@INCOLLECTION{Gabriel.2020,
 AUTHOR = {Gabriel, Oscar W.},
 TITLE = {{Einstellungen zur Demokratie}},
 PAGES = {230--247},
 bookpagination = {page},
 PUBLISHER = {{Nomos Verlagsgesellschaft}},
 EDITOR = {Faas, Thorsten and Gabriel, Oscar W. and Maier, J{\"u}rgen},
 BOOKTITLE = {{Politikwissenschaftliche Einstellungs- und Verhaltensforschung}},
 ADDRESS = {Baden-Baden},
 DATE = {2020},
 SHORTTITLE = {Faas, Gabriel et al. (Hg.) 2020 -- Politikwissenschaftliche Einstellungs- und Verhaltensforschung},
 BOOKSTUBTITLE = {{Handbuch f{\"u}r Wissenschaft und Studium}}
}


@ARTICLE{Geurkink.2019,
 AUTHOR = {Geurkink, Bram and Zaslove, Andrej and Sluiter, Roderick and Jacobs, Kristof},
 TITLE = {{Populist Attitudes, Political Trust, and External Political Efficacy}},
 URLDATE = {2019},
 PAGES = {1--21},
 pagination = {page},
 VOLUME = {23},
 NUMBER = {4},
 JOURNALTITLE = {{Political Studies}},
 DOI = {10.1177/0032321719842768},
 DATE = {2019},
 SUBTITLE = {{Old Wine in New Bottles?}}
}


@ARTICLE{Hooghe2017,
 AUTHOR = {Hooghe, Marc and Verhaegen, Soetkin},
 TITLE = {{The effect of political trust and trust in European citizens on European identity}},
 URLDATE = {2019},
 PAGES = {161--181},
 pagination = {page},
 VOLUME = {9},
 NUMBER = {02},
 JOURNALTITLE = {{European Political Science Review}},
 DOI = {10.1017/S1755773915000314},
 DATE = {2017}
}


@ARTICLE{Inglehart.2010,
 AUTHOR = {Inglehart, Ronald and Welzel, Christian},
 TITLE = {{Changing Mass Priorities:~The Link between Modernization and Democracy}},
 PAGES = {551--567},
 pagination = {page},
 VOLUME = {8},
 NUMBER = {2},
 JOURNALTITLE = {{Perspectives on Politics}},
 DATE = {2010}
}


@BOOK{Norris.1999,
 DATE = {1999},
 TITLE = {{Critical Citizens. Global Support for Democratic Governance}},
 ADDRESS = {Oxford},
 PUBLISHER = {{Oxford University Press}},
 EDITOR = {Norris, Pippa}
}


@INCOLLECTION{Pollack.2015,
 AUTHOR = {Pollack, Detlef},
 TITLE = {{Politische Kultur}},
 PAGES = {643--650},
 bookpagination = {page},
 PUBLISHER = {{Springer VS}},
 EDITOR = {Kollmorgen, Raj and Merkel, Wolfgang and Wagener, Hans-J{\"u}rgen},
 BOOKTITLE = {{Handbuch Transformationsforschung}},
 ADDRESS = {Wiesbaden},
 DATE = {2015},
 SHORTTITLE = {Kollmorgen, Merkel et al. (Hg.) 2015 -- Handbuch Transformationsforschung}
}


@ARTICLE{Reichert.2019,
 AUTHOR = {Reichert, Frank and Print, Murray},
 TITLE = {{Participatory practices and political knowledge: how motivational inequality moderates the effects of formal participation on knowledge}},
 URLDATE = {2020-02-21},
 PAGES = {1085--1108},
 pagination = {page},
 VOLUME = {22},
 NUMBER = {5},
 JOURNALTITLE = {{Social Psychology of Education}},
 DOI = {10.1007/s11218-019-09514-5},
 DATE = {2019}
}


@ARTICLE{Russo.2017,
 AUTHOR = {Russo, Silvia and Stattin, H{\aa}kan},
 TITLE = {{Stability and Change in Youths' Political Interest}},
 URLDATE = {2020-02-21},
 PAGES = {643--658},
 pagination = {page},
 VOLUME = {132},
 NUMBER = {2},
 JOURNALTITLE = {{Social Indicators Research}},
 DOI = {10.1007/s11205-016-1302-9},
 DATE = {2017}
}


@INCOLLECTION{Scherer.2020,
 AUTHOR = {Scherer, Philipp and Ro{\ss}teutscher, Sigrid},
 TITLE = {{Wertorientierungen und Wertewandel}},
 PAGES = {209--229},
 bookpagination = {page},
 PUBLISHER = {{Nomos Verlagsgesellschaft}},
 EDITOR = {Faas, Thorsten and Gabriel, Oscar W. and Maier, J{\"u}rgen},
 BOOKTITLE = {{Politikwissenschaftliche Einstellungs- und Verhaltensforschung}},
 ADDRESS = {Baden-Baden},
 DATE = {2020},
 SHORTTITLE = {Faas, Gabriel et al. (Hg.) 2020 -- Politikwissenschaftliche Einstellungs- und Verhaltensforschung},
 BOOKSTUBTITLE = {{Handbuch f{\"u}r Wissenschaft und Studium}}
}


@INCOLLECTION{vanDeth.2004b,
 AUTHOR = {{van Deth}, Jan W.},
 TITLE = {{Politisches Interesse}},
 PUBLISHER = {{VS Verlag f{\"u}r Sozialwissenschaften}},
 EDITOR = {{van Deth}, Jan W.},
 BOOKTITLE = {{Deutschland in Europa.}},
 ADDRESS = {Wiesbaden},
 DATE = {2004},
 SHORTTITLE = {van Deth (Hg.) 2004 -- Deutschland in Europa},
 BOOKSTUBTITLE = {{Ergebnisse des European Social Survey 2002-2003}}
}


@INCOLLECTION{Welzel.2009,
 AUTHOR = {Welzel, Christian},
 TITLE = {{Werte- und Wertewandelforschung}},
 PAGES = {109--140},
 bookpagination = {page},
 PUBLISHER = {{VS Verlag f{\"u}r Sozialwissenschaften}},
 EDITOR = {Kaina, Viktoria and R{\"o}mmele, Andrea},
 BOOKTITLE = {{Politische Soziologie. Ein Studienbuch}},
 ADDRESS = {Wiesbaden},
 EDITION = {1},
 DATE = {2009},
 SHORTTITLE = {Kaina, R{\"o}mmele (Hg.) 2009 -- Politische Soziologie}
}


@BOOK{Welzel.2013,
 AUTHOR = {Welzel, Christian},
 DATE = {2013},
 TITLE = {{Freedom Rising:~Human Empowerment and the~Quest for Emancipation}},
 ADDRESS = {Cambridge},
 PUBLISHER = {{Cambridge University Press}},
 SHORTHAND = {Welzel 2013 -- Freedom Rising}
}


@ARTICLE{Welzel.2017,
 AUTHOR = {Welzel, Christian and Kirsch, Helen},
 TITLE = {{Democracy Misunderstood}},
 URLDATE = {2019},
 PAGES = {1--29},
 pagination = {page},
 VOLUME = {9},
 NUMBER = {1},
 JOURNALTITLE = {{World Value Research}},
 DOI = {10.13140/RG.2.2.33269.99041},
 DATE = {2017},
 SUBTITLE = {{Authoritarian Notions of Democracy around the Globe}}
}


@INCOLLECTION{Westle.2009,
 AUTHOR = {Westle, Bettina},
 TITLE = {{Das klassische Konzept der Politischen~Kultur}},
 PAGES = {13--23},
 bookpagination = {page},
 PUBLISHER = {Nomos-Verlag},
 EDITOR = {Westle, Bettina and Gabriel, Oscar W.},
 BOOKTITLE = {{Politische Kultur. Eine EInf{\"u}hrung}},
 ADDRESS = {Baden-Baden},
 DATE = {2009},
 SHORTTITLE = {Westle, Gabriel (Hg.) 2009 -- Politische Kultur}
}


@INCOLLECTION{Westle.2020,
 AUTHOR = {Westle, Bettina},
 TITLE = {{Kognitives politisches Engagement}},
 PAGES = {273--295},
 bookpagination = {page},
 PUBLISHER = {{Nomos Verlagsgesellschaft}},
 EDITOR = {Faas, Thorsten and Gabriel, Oscar W. and Maier, J{\"u}rgen},
 BOOKTITLE = {{Politikwissenschaftliche Einstellungs- und Verhaltensforschung}},
 ADDRESS = {Baden-Baden},
 DATE = {2020},
 SHORTTITLE = {Faas, Gabriel et al. (Hg.) 2020 -- Politikwissenschaftliche Einstellungs- und Verhaltensforschung},
 BOOKSTUBTITLE = {{Handbuch f{\"u}r Wissenschaft und Studium}}
}


@ARTICLE{Zagrebina.2019,
 AUTHOR = {Zagrebina, Anna},
 TITLE = {{Concepts of democracy in democratic and nondemocratic countries}},
 URLDATE = {2019-05-22},
 PAGES = {019251211882071},
 pagination = {page},
 VOLUME = {18},
 NUMBER = {4},
 JOURNALTITLE = {{International Political Science Review}},
 DOI = {10.1177/0192512118820716},
 DATE = {2019}
}


@INCOLLECTION{Zmerli.2020,
 AUTHOR = {Zmerli, Sonja},
 TITLE = {{Politisches Vertrauen}},
 PAGES = {248--272},
 bookpagination = {page},
 PUBLISHER = {{Nomos Verlagsgesellschaft}},
 EDITOR = {Faas, Thorsten and Gabriel, Oscar W. and Maier, J{\"u}rgen},
 BOOKTITLE = {{Politikwissenschaftliche Einstellungs- und Verhaltensforschung}},
 ADDRESS = {Baden-Baden},
 DATE = {2020},
 SHORTTITLE = {Faas, Gabriel et al. (Hg.) 2020 -- Politikwissenschaftliche Einstellungs- und Verhaltensforschung},
 BOOKSTUBTITLE = {{Handbuch f{\"u}r Wissenschaft und Studium}}
}


