% This file was created with Citavi 6.8.0.0


@BOOK{Kleer2021,
 AUTHOR = {Kleer, Philipp},
 DATE = {2021},
 TITLE = {{Ein Guide durch RStudio}},
 ADDRESS = {Gießen},
 PUBLISHER = {{Universität Gießen}}
}
